% ....názov súboru je: literatura.bib
% kniha



@misc{Autism_diagnosis,
	author = "Fred R. Volkmar",
	title = "Classification of autism and related conditions: progress, challenges, and opportunities",
	howpublished = "\url{https://www.tandfonline.com/doi/full/10.31887/DCNS.2012.14.3/fvolkmar}",
}


@misc{Autism,
	author = "Dirk Kraijer",
	title = "Review of Adaptive Behavior Studies in Mentally Retarded Persons with Autism/Pervasive Developmental Disorder",
	howpublished = "\url{https://link.springer.com/article/10.1023/A:1005460027636}",
}

@misc{Autism_children,
	author = "Siti Azreena Mubin and Matthew Wee Ann Poh and Rizawati Rohizan and Aida Zamnah Zainal Abidin and Wong Chung Wei",
	title = "A Gamification Design Framework for Supporting ASD Children Social Skills",
	howpublished = "\url{https://ieeexplore.ieee.org/document/9719331}",
}

@misc{Autism_prevelance,
	author = "Jinan Zeidan and Eric Fombonne and Julie Scorah and Alaa Ibrahim and Maureen S Durkin and Shekhar Saxena and Afiqah Yusuf and Andy Shih and Mayada Elsabbagh ",
	title = "Global prevalence of autism: A systematic review update",
	howpublished = "\url{https://onlinelibrary.wiley.com/doi/10.1002/aur.2696}",
}

@misc{PLP-Framework,
	author = "Jhemeson Silva Mota and Edna Dias Canedo and Kennedy Santos Torres and Heloise Acco Tives Leão",
	title = "AssociAR: Gamified Process for the Teaching of Children with Autism Through the Association of Images and Words",
	howpublished = "\url{https://ieeexplore.ieee.org/document/9274271}",
}


@misc{Gamification-quote,
	author = "Sebastian Deterding and Dan Dixo Rilla and Khaled Lennart Nacke",
	title = "From game design elements to gamefulness: defining 'gamification' ",
	howpublished = "\url{https://dl.acm.org/doi/10.1145/2181037.2181040}",
}

@misc{Gamification,
	author = "Juho Hamari and Jonna Koivisto and Harri Sarsa",
	title = "Does Gamification Work? -- A Literature Review of Empirical Studies on Gamification",
	howpublished = "\url{https://ieeexplore.ieee.org/abstract/document/6758978}",
}


@misc{Autism_classification,
	author = "Nicole E. Rosen, Catherine Lord and Fred R. Volkmar",
	title = "The Diagnosis of Autism: From Kanner to DSM-III to DSM-5 and Beyond",
	howpublished = "\url{https://link.springer.com/article/10.1007/s10803-021-04904-1}",
}

@article{Hanus2015AssessingTE,
  title={Assessing the effects of gamification in the classroom: A longitudinal study on intrinsic motivation, social comparison, satisfaction, effort, and academic performance},
  author={Michael D. Hanus and Jesse Fox},
  journal={Comput. Educ.},
  year={2015},
  volume={80},
  pages={152-161}
}

@article{review_of_issues,
author = {Faiella, Filomena and Ricciardi, Maria},
year = {2015},
month = {09},
pages = {13-21},
title = {Gamification and learning: A review of issues and research},
volume = {11},
journal = {Journal of E-Learning and Knowledge Society},
doi = {10.20368/1971-8829/1072}
}

@inproceedings{gamification_effectivness,
author = {van Roy, Rob and Zaman, Bieke},
year = {2015},
month = {04},
pages = {},
title = {Moving Beyond the Effectiveness of Gamification (Workshop paper)}
}

@article{article_engagment,
author = {Alsawaier, Raed},
year = {2017},
month = {11},
pages = {00-00},
title = {The Effect of Gamification on Motivation and Engagement},
volume = {35},
journal = {International Journal of Information and Learning Technology},
doi = {10.1108/IJILT-02-2017-0009}
}